@article{Peffers2007,
    author = {Peffers, Ken and Tuunanen, Tuure and Rothenberger, Marcus and Chatterjee, S.},
    year = {2007},
    month = {01},
    pages = {45-77},
    title = {A design science research methodology for information systems research},
    volume = {24},
    journal = {Journal of Management Information Systems}
}